:20:1
:25:/PL50160014591890544930000001
:28C:01/2023/M
:60F:C230101PLN000000024853,76
:61:2301020102CN000000000100,00N723112 20230101 51//CEN2301020646240
:86:723^00PRZELEW OTRZYMANY ELIXIR   ^34000
^3010501764  
^20Składka Norbert Szulc
^32SZULC NORBERT ŚW. DUCHA 596^331/17 80-834 GDAŃSK
^3822105017641000009215291726
:61:2301020102CN000000000100,00N723112 20230102 51//CEN2301020646331
:86:723^00PRZELEW OTRZYMANY ELIXIR   ^34000
^3011602202  
^20Składka Omer Sakarya
^32SAKARYA OMER UL SEJMOWA 21 ^3305-071    SULEJÓWEK
^3815116022020000000118438407
:61:2301020102CN000000000100,00N723112 20230101 51//CEN2301020677678
:86:723^00PRZELEW OTRZYMANY ELIXIR   ^34000
^3011402004  
^20SKŁADKA BARTOSZ RUMIŃSKI
^32BARTOSZ RUMIŃSKI UL.BAŻYŃSK^33ICH 33 M.8 87-100 TORUŃ
^3828114020040000320276838440
:61:2301020102CN000000000100,00N723112 20230101 51//CEN2301020677722
:86:723^00PRZELEW OTRZYMANY ELIXIR   ^34000
^3011402004  
^20SKŁADKA MICHAŁ STAN
^32MICHAŁ STAN UL.STARTOWA 5F ^33M.8 80-461 GDAŃSK
^3876114020040000340273219669
:61:2301020102CN000000000150,00N723114 20230102 51//CEN2301020757498
:86:723^00PRZELEW OTRZYMANY ELIXIR   ^34000
^3010203583  
^20SKŁADKA DAWID MOCZADŁO
^32DAWID  MOCZADŁO UL. WAJDELO^33TY 1  M.8 80-437 GDAŃSK
^3810102035830000340201449495
:61:2301030103CN000000000100,00N723114 20230103 51//CEN2301030254027
:86:723^00PRZELEW OTRZYMANY ELIXIR   ^34000
^3010901098  
^20Składka Robert Różański
^32ROBERT RÓŻAŃSKI UL. GARNIZO^33NOWA 20 82-300 ELBLĄG
^3825109010980000000117118671
:61:2301030103CN000000000100,00N723114 20230103 51//CEN2301030290988
:86:723^00PRZELEW OTRZYMANY ELIXIR   ^34000
^3010201752  
^20SKŁADKA WALDEMAR FILIPOWICZ
^32WALDEMAR FILIPOWICZ
^3882102017520000010201551019
:61:2301050105CN000000000300,00N723112 20230105 51//CEN2301050318837
:86:723^00PRZELEW OTRZYMANY ELIXIR   ^34000
^3011402004  
^20SKŁADKI CZŁONKOWSKIE
^32MACIEJ IWANOWSKI UL.INŻYNIE^33RSKA 25 M.5 81-512 GDYNIA
^3879114020040000320276339815
:61:2301060109DN000000000007,00NO26NONREF//PSD3643920834580
:86:O26^00Opł.mies.za obsługę        ^34000
^30  
^20MIESIECZNA OPLATA ZA OBSLUG^21E KARTY AMADEUSZ LISIECKI
^32
:61:2301090109CN000000000300,00N723112 20230109 51//CEN2301091044158
:86:723^00PRZELEW OTRZYMANY ELIXIR   ^34000
^3011602202  
^20Składka Amadeusz Lisiecki
^32LISIECKI AMADEUSZ UL GOSKA ^3318G 81-574    GDYNIA
^3864116022020000000303358034
:61:2301090109CN000000000200,00N723112 20230109 51//CEN2301091084029
:86:723^00PRZELEW OTRZYMANY ELIXIR   ^34000
^3011602202  
^20Na cele statutowe - HS - Pi^21otr Suwala
^32SUWAŁA PIOTR UL JAGIELLOŃSK^33A 103M44 25-734    KIELCE
^3879116022020000000239657767
:61:2301090109CN000000000100,00N723114 20230109 51//CEN2301091195249
:86:723^00PRZELEW OTRZYMANY ELIXIR   ^34000
^3010901102  
^20Składka Bartlomiej Lewandow^21ski
^32BARTŁOMIEJ LEWANDOWSKI UL. ^33SPOKOJNA 4 80-209 CHWASZCZY
^3806109011020000000115734769
^62NO
:61:2301100110CN000000000100,00N723114 20230110 51//CEN2301100572257
:86:723^00PRZELEW OTRZYMANY ELIXIR   ^34000
^3010901362  
^20Składka Adrian Ciesielski
^32ADRIAN MAKSYMILIAN CIESIELS^33KI UL. M ŚCIBORA 35A 61-062
^3873109013620000000109289156
^62 POZNAŃ
:61:2301110111CN000000000100,00N723112 20230111 51//CEN2301110404207
:86:723^00PRZELEW OTRZYMANY ELIXIR   ^34000
^3024900005  
^20Składka Tomasz Torcz
^32TOMASZ TORCZ JABŁONIOWA 23B^33/15 80-175 GDAŃSK
^3866249000050000400498171356
:61:2301110111CN000000000100,00N723112 20230111 51//CEN2301110992692
:86:723^00PRZELEW OTRZYMANY ELIXIR   ^34000
^3010501764  
^20Składka Patryk Piskuła (Pat^21ka)
^32PISKUŁA PATRYK JERZY RODAKO^33WSKIEGO 1E/14 80-304 GDAŃSK
^3832105017641000009257432808
:61:2301120112CN000000000100,00N723112 20230112 51//CEN2301120255749
:86:723^00PRZELEW OTRZYMANY ELIXIR   ^34000
^3011602202  
^20Skladka Iurii Karpov
^32KARPOV IURII UL TADEUSZA KO^33ŚCIUSZKI 54M1 80-446    GDA
^3842116022020000000381566329
^62ŃSK
:61:2301160116CN000000000150,00N723112 20230114 51//CEN2301160771647
:86:723^00PRZELEW OTRZYMANY ELIXIR   ^34000
^3010501764  
^20Składka Weronika Spaleniak
^32SPALENIAK WERONIKA ŁĄCZNA 5^33 81-657 GDYNIA
^3874105017641000009254843122
:61:2301160116CN000000000200,00N723112 20230116 51//CEN2301160815417
:86:723^00PRZELEW OTRZYMANY ELIXIR   ^34000
^3011602202  
^20Składka Michał Jakubowicz
^32JAKUBOWICZ MICHAŁ UL WYBICK^33IEGO 20BM14 82-200    MALBO
^3873116022020000000332008665
^62RK
:61:2301180118CN000000000100,00N723112 20230118 51//CEN2301180233057
:86:723^00PRZELEW OTRZYMANY ELIXIR   ^34000
^3011402004  
^20SKŁADKA BOGUMIŁ BRONK
^32BOGUMIŁ BRONK UL.DĄBRÓWKI 1^3325 M.2 80-034 GDAŃSK
^3803114020040000330265308548
:61:2301180118CN000000000300,00N723112 20230118 51//CEN2301180508837
:86:723^00PRZELEW OTRZYMANY ELIXIR   ^34000
^3010500086  
^20230118-ZTW9WJ670 d0713adc-e^21520-43dfa9fb-12f21d4fb499 S
^22kladka Joanna M urzyn
^32THE CURRENCY CLOUD LIMITED ^3312 STEWARD STREET, E1 6FQ L
^3824105000861000009031954176
^62ONDYN
:61:2301190119CN000000000100,00N723112 20230119 51//CEN2301190178919
:86:723^00PRZELEW OTRZYMANY ELIXIR   ^34000
^3010501764  
^20Składa Jakub Domaszewicz
^32DOMASZEWICZ JAKUB BOLESŁAWA^33 LEŚMIANA 3/16 80-280 GDAŃS
^3834105017641000009103150877
^62K
:61:2301200120CN000000000200,00N723112 20230120 51//CEN2301200356735
:86:723^00PRZELEW OTRZYMANY ELIXIR   ^34000
^3024900005  
^20Składka Mateusz Serdyński
^32MATEUSZ SERDYŃSKI HEMARA 21^33/20 80-280 GDAŃSK
^3804249000050000400074368414
:61:2301230123CN000000000100,00N723112 20230123 51//CEN2301230604114
:86:723^00PRZELEW OTRZYMANY ELIXIR   ^34000
^3011602202  
^20Składka Marcin Jasiukowicz
^32JASIUKOWICZ MARCIN UL KRÓLO^33WEJ JADWIGI 7M18 14-200    
^3812116022020000000261046018
^62IŁAWA
:61:2301230123CN000000000100,00N723114 20230123 51//CEN2301230725938
:86:723^00PRZELEW OTRZYMANY ELIXIR   ^34000
^3010204027  
^20SKŁADKA BOGDAN PANOW
^32BOGDAN          PANOV UL. K^33RASNODARKAYA 11 KRASNOYARSK
^3848102040270000120216369964
:61:2301250125CN000000000256,00N723112 20230125 51//CEN2301250202802
:86:723^00PRZELEW OTRZYMANY ELIXIR   ^34000
^3011402004  
^20SKŁADKA MATEUSZ KIJOWSKI
^32MATEUSZ KIJOWSKI UL.HENRYKA^33 SIENKIEWICZA 5A M.7 80-227
^3827114020040000390232945033
^62 GDAŃSK
:61:2301260126CN000000000150,00N723114 20230126 51//CEN2301260252874
:86:723^00PRZELEW OTRZYMANY ELIXIR   ^34000
^3010204027  
^20SKŁADKA OLIWIER PLONKA (HAM^21STERKING)
^32OLIWIER         PŁONKA OS. ^33JANA III SOBIESKIEGO 12 M.3
^3847102040270000180213681624
^62 60-688 POZNAŃ
:61:2301300130CN000000000200,00N723114 20230130 51//CEN2301300777261
:86:723^00PRZELEW OTRZYMANY ELIXIR   ^34000
^3010201042  
^20SKŁADKA JAKUB SADOWSKI
^32JAKUB           SADOWSKI UL^33. SZAFIRKÓW 13 03-159 WARSZ
^3897102010420000870202939825
^62AWA
:61:2301310131DN000000000104,00N225NONREF//CEN2301310637294
:86:225^00PRZELEW INTERNETOWY        ^34000
^3010201811  
^20Faktura VAT 447/STU/2022 St^21owarzyszenie Hackerspace Po
^22morze
^32Farby Lakiery 'POD KOMINKIE^33M' Julita Krawczyk-Jędrzeje
^3826102018110000030203919727
^62wska Do Studzienki 28 80-22^637 Gdańsk
:61:2301310131DN000000002351,96N225NONREF//CEN2301310639696
:86:225^00PRZELEW INTERNETOWY        ^34000
^3015001285  
^20Energia elektryczna 12/22 S^21towarzyszenie Hackerspace P
^22omorze Faktura nr 192/12/22
^32P.P.H.U. MA-SK-US S.C. Do S^33tudzienki 28 80-227 Gdańsk
^3857150012851212800119720000
:61:2301310131DN000000000122,99N225NONREF//CEN2301310653408
:86:225^00PRZELEW INTERNETOWY        ^34000
^3010301944  
^20Faktura nr 000153247821/OPR^21/01/2023Opłata za usługi te
^22lekomunikacyjne 01.2023
^32UPC Polska Sp. z o.o. al. S^33olidarności 171 00-877 Wars
^3863103019449000230050079116
^62zawa
:61:2301310131DN000000003598,86N225NONREF//CEN2301310653412
:86:225^00PRZELEW INTERNETOWY        ^34000
^3015001285  
^20Wynajem pomieszczeń za m-c ^2101/23 Stowarzyszenie Hacker
^22space Pomorze Faktura nr 05^23/01/23
^32P.P.H.U. MA-SK-US S.C. Do S^33tudzienki 28 80-227 Gdańsk
^3857150012851212800119720000
:61:2301310131DN000000000442,80N225NONREF//CEN2301310653417
:86:225^00PRZELEW INTERNETOWY        ^34000
^3010201811  
^20za prowadzenie Księgi Handl^21owej Stowarzyszenie Hackers
^22pace Pomorze 01.2023
^32BIURO RACHUNKOWE 'KiJ' KAZI^33MIERZ JAROWICZ DAMROKI 48/1
^3884102018110000030200181370
^620 80-177 GDANSK
:62F:C230131PLN000000022132,15
-


