:20:1
:25:/PL50160014591890544930000001
:28C:01/2023/M
:60F:C230101PLN000000024853,76
:61:2301020102CN000000000100,00N723112 20230101 51//CEN2301020646240
:86:723^00PRZELEW OTRZYMANY ELIXIR   ^34000
^3011602202
^20Na cele statutowe - HS - Pi^21otr Suwala
^32SUWAŁA PIOTR UL JAGIELLOŃSK^33A 103M44 25-734    KIELCE
^3879116022020000000239657767
:61:2301090109CN000000000100,00N723114 20230109 51//CEN2301091195249
:86:225^00PRZELEW INTERNETOWY        ^34000
^3010201811  
^20za prowadzenie Księgi Handl^21owej Stowarzyszenie Hackers
^22pace Pomorze 01.2023
^32BIURO RACHUNKOWE 'KiJ' KAZI^33MIERZ JAROWICZ DAMROKI 48/1
^3884102018110000030200181370
^620 80-177 GDANSK
:62F:C230131PLN000000022132,15
-


